% !TEX encoding = UTF-8

@book{testBuch1,
	author = {Maximilian Knopf},
	title = {Testbuch für die Literaturverzeichniserstellung},
	date = {2022-04},
}

@online{urlId,
	title = {Beispielwebseite},
	url = {https://example.com/subcontroller/page.xhtml?query=parameter},
	urldate = {2022-04-27},
}

@online{Restklassen,
	author = {Friedhelm Padberg and Friederike Bruns},
	title = {Prüfziffern - eine praktische Anwendung von Restklassen},
	year = {1979},
	url = {https://pub.uni-bielefeld.de/record/1775228},
	note = {[Accessed 07-04-2025]},
}